@ARTICLE{Paxton2011,
   author = {{Paxton}, B. and {Bildsten}, L. and {Dotter}, A. and {Herwig}, F. and 
	{Lesaffre}, P. and {Timmes}, F.},
    title = "{Modules for Experiments in Stellar Astrophysics (MESA)}",
  journal = {The Astrophysical Journal Supplement Series},
archivePrefix = "arXiv",
   eprint = {1009.1622},
 primaryClass = "astro-ph.SR",
 keywords = {methods: numerical, stars: evolution, stars: general},
     year = 2011,
    month = jan,
   volume = 192,
      eid = {3},
    pages = {3},
      doi = {10.1088/0067-0049/192/1/3},
   adsurl = {http://adsabs.harvard.edu/abs/2011ApJS..192....3P},
  adsnote = {Provided by the SAO/NASA Astrophysics Data System}
}

@ARTICLE{Herwig2000,
   author = {{Herwig}, F.},
    title = "{The evolution of AGB stars with convective overshoot}",
  journal = {Astronomy and Astrophysics},
   eprint = {astro-ph/0007139},
 keywords = {STARS: ABUNDANCES, STARS: INTERIORS, STARS: EVOLUTION, STARS: AGB AND POST-AGB},
     year = 2000,
    month = aug,
   volume = 360,
    pages = {952-968},
   adsurl = {http://adsabs.harvard.edu/abs/2000A%26A...360..952H},
  adsnote = {Provided by the SAO/NASA Astrophysics Data System}
}

@article{Suzuki2016,
	doi = {10.3847/0004-637x/817/2/163},
	year = 2016,
	month = {jan},
	publisher = {American Astronomical Society},
	volume = {817},
	number = {2},
	pages = {163},
	author = {Toshio Suzuki and Hiroshi Toki and Ken'ichi Nomoto},
	title = {{Electron}-{capture} {and} $\beta$-{decay} {rates} {for sd}-{shell} {nuclei} {in} {stellar} {environments} {relevant} {to} {high}-{density} {ONeMg} {cores}},
	journal = {The Astrophysical Journal}
}

@article{Chanlaridis2019,
	year = {[in prep.]},
	publisher = {American Astronomical Society},
	author = {Chanlaridis, S. and Antoniadis, J. and Gr\"afener, G. and Langer, N.},
	title = {Helium Stars as Progenitors of Thermonuclear Supernovae: Dependence on Metallicity and Overshooting}
}